<record><leader>00000cas a22000007a 4500</leader><controlfield tag="001">11455236</controlfield><controlfield tag="008">841205d18961900njuwr ne      0    0eng d</controlfield><datafield ind1=" " ind2=" " tag="010"><subfield code="a">sn 84045006 </subfield></datafield><datafield ind1=" " ind2=" " tag="040"><subfield code="a">NPA</subfield><subfield code="b">eng</subfield><subfield code="c">NPA</subfield><subfield code="d">NJW</subfield><subfield code="d">MGN</subfield><subfield code="d">OCLCQ</subfield></datafield><datafield ind1=" " ind2=" " tag="042"><subfield code="a">msc</subfield></datafield><datafield ind1="0" ind2=" " tag="130"><subfield code="a">Ocean Grove record (Ocean Grove, N.J. : 1896)</subfield></datafield><datafield ind1="1" ind2="0" tag="245"><subfield code="a">Ocean Grove record.</subfield></datafield><datafield ind1=" " ind2=" " tag="260"><subfield code="a">Ocean Grove, N.J. :</subfield><subfield code="b">Wm. H. Beegle</subfield></datafield><datafield ind1=" " ind2=" " tag="300"><subfield code="a">v. :</subfield><subfield code="b">ill. (chiefly advertisements)</subfield></datafield><datafield ind1=" " ind2=" " tag="310"><subfield code="a">Weekly</subfield></datafield><datafield ind1="1" ind2=" " tag="362"><subfield code="a">Began in 1896; ceased in 1900?</subfield></datafield><datafield ind1=" " ind2=" " tag="588"><subfield code="a">Description based on: Vol. 24, no. 15 (Apr. 6, 1898).</subfield></datafield><datafield ind1=" " ind2=" " tag="752"><subfield code="a">United States</subfield><subfield code="b">New Jersey</subfield><subfield code="c">Monmouth</subfield><subfield code="d">Ocean Grove.</subfield></datafield><datafield ind1="0" ind2="7" tag="780"><subfield code="t">Times-record (Ocean Grove, N.J.)</subfield></datafield><datafield ind1="0" ind2="0" tag="785"><subfield code="t">Record (Ocean Grove, N.J.)</subfield></datafield></record>